@article{gulwani2017program,
  title={Program synthesis},
  author={Gulwani, Sumit and Polozov, Oleksandr and Singh, Rishabh and others},
  journal={Foundations and Trends{\textregistered} in Programming Languages},
  volume={4},
  number={1-2},
  pages={1--119},
  year={2017},
  publisher={Now Publishers, Inc.}
}

@book{pylyshyn1984computation,
  title={Computation and cognition},
  author={Pylyshyn, Zenon Walter},
  year={1984},
  publisher={MIT press Cambridge, MA}
}

@article{searle1990brain,
  title={Is the brain's mind a computer program?},
  author={Searle, John R},
  journal={Scientific American},
  volume={262},
  number={1},
  pages={25--31},
  year={1990},
  publisher={JSTOR}
}

@article{zornsolver,
  title={Solver Aided Reverse Engineering of Architectural},
  author={Zorn, Bill and Grossman, Dan and Ceze, Luis},
  journal={Proceedings of the 44th Annual International Symposium on Computer Architecture},
  year={2017}
}

@article{osera2015program,
  title={Program synthesis with types},
  author={Osera, Peter-Michael Santos},
  journal={University of Pennsylvania, Department of Computer Science. PhD Thesis.},
  year={2015}
}

@book{pierce2002types,
  title={Types and programming languages},
  author={Pierce, Benjamin C},
  year={2002},
  publisher={MIT press}
}

@article{kernighan1974programming,
  title={Programming in C - A Tutorial},
  author={Kernighan, Brian W},
  journal={Unpublished internal memorandum, Bell Laboratories},
  year={1974}
}

@incollection{leibniz1989dissertation,
  title={Dissertation on the Art of Combinations},
  author={Leibniz, Gottfried Wilhelm},
  booktitle={Philosophical Papers and Letters},
  pages={73--84},
  year={1989},
  publisher={Springer}
}


@article{lovelacenotes,
  title={Sketch of the analytical engine invented by Charles Babbage, by LF Menabrea, officer of the military engineers, with notes upon the memoir by the translator},
  author={Lovelace, Ada A},
  journal={Taylor's Scientific Memoirs},
  volume={3},
  pages={666--731},
  year={1842}
}


@book{von2012computer,
  title={The computer and the brain},
  author={Von Neumann, John},
  year={2012},
  publisher={Yale University Press}
}

@article{van1998dynamical,
  title={The dynamical hypothesis in cognitive science},
  author={Van Gelder, Tim},
  journal={Behavioral and brain sciences},
  volume={21},
  number={5},
  pages={615--628},
  year={1998},
  publisher={Cambridge University Press}
}

@article{mcclelland2010letting,
  title={Letting structure emerge: connectionist and dynamical systems approaches to cognition},
  author={McClelland, James L and Botvinick, Matthew M and Noelle, David C and Plaut, David C and Rogers, Timothy T and Seidenberg, Mark S and Smith, Linda B},
  journal={Trends in cognitive sciences},
  volume={14},
  number={8},
  pages={348--356},
  year={2010},
  publisher={Elsevier}
}

@article{griffiths2010probabilistic,
  title={Probabilistic models of cognition: Exploring representations and inductive biases},
  author={Griffiths, Thomas L and Chater, Nick and Kemp, Charles and Perfors, Amy and Tenenbaum, Joshua B},
  journal={Trends in cognitive sciences},
  volume={14},
  number={8},
  pages={357--364},
  year={2010},
  publisher={Elsevier}
}

@inproceedings{velez2017interpreting,
  title={Interpreting actions by attributing compositional desires.},
  author={Velez-Ginorio, Joey and Siegel, Max H and Tenenbaum, Joshua B and Jara-Ettinger, Julian},
  booktitle={CogSci},
  year={2017}
}

@article{lake2015human,
  title={Human-level concept learning through probabilistic program induction},
  author={Lake, Brenden M and Salakhutdinov, Ruslan and Tenenbaum, Joshua B},
  journal={Science},
  volume={350},
  number={6266},
  pages={1332--1338},
  year={2015},
  publisher={American Association for the Advancement of Science}
}

@article{clark1997dynamical,
  title={The dynamical challenge},
  author={Clark, Andy},
  journal={Cognitive Science},
  volume={21},
  number={4},
  pages={461--481},
  year={1997},
  publisher={Elsevier}
}

@article{wadler2015propositions,
  title={Propositions as types.},
  author={Wadler, Philip},
  journal={Commun. ACM},
  volume={58},
  number={12},
  pages={75--84},
  year={2015}
}

@incollection{barrett2018satisfiability,
  title={Satisfiability modulo theories},
  author={Barrett, Clark and Tinelli, Cesare},
  booktitle={Handbook of Model Checking},
  pages={305--343},
  year={2018},
  publisher={Springer}
}

@book{solar2008program,
  title={Program synthesis by sketching},
  author={Solar-Lezama, Armando},
  year={2008},
  publisher={Citeseer}
}

@inproceedings{torlak2013growing,
  title={Growing solver-aided languages with rosette},
  author={Torlak, Emina and Bodik, Rastislav},
  booktitle={Proceedings of the 2013 ACM international symposium on New ideas, new paradigms, and reflections on programming \& software},
  pages={135--152},
  year={2013},
  organization={ACM}
}

@book{kroening2016decision,
  title={Decision procedures},
  author={Kroening, Daniel and Strichman, Ofer},
  year={2016},
  publisher={Springer}
}

@inproceedings{polikarpova2016program,
  title={Program synthesis from polymorphic refinement types},
  author={Polikarpova, Nadia and Kuraj, Ivan and Solar-Lezama, Armando},
  booktitle={ACM SIGPLAN Notices},
  volume={51},
  number={6},
  pages={522--538},
  year={2016},
  organization={ACM}
}

@techreport{freeman1994refinement,
  title={Refinement Types for ML},
  author={Freeman, Tim},
  year={1994},
  institution={Carnegie-Mellon University, Department of Computer Science, No. CMU-CS-94-110.}
}

@book{sipser2006introduction,
  title={Introduction to the Theory of Computation},
  author={Sipser, Michael and others},
  volume={2},
  year={2006},
  publisher={Thomson Course Technology Boston}
}

@article{avigad1998godel,
  title={G{\"o}del's functional ("Dialectica") interpretation},
  author={Avigad, Jeremy},
  journal={Handbook of proof theory},
  volume={137},
  pages={337--405},
  year={1998}
}

@book{girard1989proofs,
  title={Proofs and types},
  author={Girard, Jean-Yves and Taylor, Paul and Lafont, Yves},
  volume={7}
}

@article{ariola1997call,
  title={The call-by-need lambda calculus},
  author={Ariola, Zena M and Felleisen, Matthias},
  journal={Journal of functional programming},
  volume={7},
  number={3},
  pages={265--301},
  year={1997},
  publisher={Cambridge University Press}
}

@article{plotkin1975call,
  title={Call-by-name, call-by-value and the $\lambda$-calculus},
  author={Plotkin, Gordon D.},
  journal={Theoretical computer science},
  volume={1},
  number={2},
  pages={125--159},
  year={1975},
  publisher={Elsevier}
}

@inproceedings{cardelli1991extension,
  title={An extension of system F with subtyping},
  author={Cardelli, Luca and Martini, Simone and Mitchell, John C and Scedrov, Andre},
  booktitle={International symposium on theoretical aspects of computer software},
  pages={750--770},
  year={1991},
  organization={Springer}
}

@inproceedings{ellis2018learning,
  title={Learning libraries of subroutines for neurally--guided bayesian program induction},
  author={Ellis, Kevin and Morales, Lucas and Sabl{\'e}-Meyer, Mathias and Solar-Lezama, Armando and Tenenbaum, Josh},
  booktitle={Advances in Neural Information Processing Systems},
  pages={7805--7815},
  year={2018}
}

@book{pierce2005advanced,
  title={Advanced topics in types and programming languages},
  author={Pierce, Benjamin C},
  year={2005},
  publisher={MIT press}
}


@inproceedings{knoth2019resource,
  title={Resource-guided program synthesis},
  author={Knoth, Tristan and Wang, Di and Polikarpova, Nadia and Hoffmann, Jan},
  booktitle={Proceedings of the 40th ACM SIGPLAN Conference on Programming Language Design and Implementation},
  pages={253--268},
  year={2019},
  organization={ACM}
}

@article{ehrhard2018introduction,
  title={An introduction to differential linear logic: proof-nets, models and antiderivatives},
  author={Ehrhard, Thomas},
  journal={Mathematical Structures in Computer Science},
  volume={28},
  number={7},
  pages={995--1060},
  year={2018},
  publisher={Cambridge University Press}
}

@article{clift2018derivatives,
  title={Derivatives of Turing machines in Linear Logic},
  author={Clift, James and Murfet, Daniel},
  journal={arXiv preprint arXiv:1805.11813},
  year={2018}
}

@article{lecun2015deep,
  title={Deep learning},
  author={LeCun, Yann and Bengio, Yoshua and Hinton, Geoffrey},
  journal={Nature},
  volume={521},
  number={7553},
  pages={436},
  year={2015},
  publisher={Nature Publishing Group}
}

@article{leroy2014ocaml,
  title={The OCaml system release 4.02},
  author={Leroy, Xavier and Doligez, Damien and Frisch, Alain and Garrigue, Jacques and R{\'e}my, Didier and Vouillon, J{\'e}r{\^o}me},
  journal={Institut National de Recherche en Informatique et en Automatique},
  volume={54},
  year={2014}
}

